/Users/matt/Documents/references/library.bib